<record xmlns="http://www.loc.gov/MARC21/slim" xmlns:xsi="http://www.w3.org/2001/XMLSchema-instance" xsi:schemaLocation="http://www.loc.gov/MARC21/slim http://www.loc.gov/standards/marcxml/schema/MARC21slim.xsd"><leader>     nam a22        4500</leader><controlfield tag="001">001697008</controlfield><controlfield tag="003">NNU</controlfield><controlfield tag="006">m        d        </controlfield><controlfield tag="007">cr cn |||m|||a</controlfield><controlfield tag="008">150313s1962    iq      o     000 0 ara d</controlfield><datafield ind1=" " ind2=" " tag="040"><subfield code="a">NNU</subfield><subfield code="b">eng</subfield><subfield code="c">NNU</subfield></datafield><datafield ind1=" " ind2=" " tag="066"><subfield code="c">(3</subfield></datafield><datafield ind1=" " ind2=" " tag="090"><subfield code="a">PJ7838.Z9</subfield><subfield code="b">.A7</subfield></datafield><datafield ind1="1" ind2=" " tag="100"><subfield code="6">880-01</subfield><subfield code="a">&#699;Izz al-D&#299;n, Y&#363;suf</subfield></datafield><datafield ind1="1" ind2="3" tag="245"><subfield code="6">880-02</subfield><subfield code="a">al-Tayy&#257;r&#257;t al-adab&#299;yah f&#299; al-&#699;Ir&#257;q, al-zah&#257;w&#299; al-sh&#257;&#699;ir al-qalq</subfield><subfield code="h">[electronic resource] /</subfield><subfield code="c">[ta&#700;l&#299;f Y&#363;suf &#699;Izz al-D&#299;n].</subfield></datafield><datafield ind1=" " ind2=" " tag="260"><subfield code="6">880-03</subfield><subfield code="a">Baghd&#257;d :</subfield><subfield code="b">Ma&#7789;ba&#699;at al-Nahdah,</subfield><subfield code="c">1962</subfield></datafield><datafield ind1=" " ind2=" " tag="300"><subfield code="a">online resource (36 p.)</subfield></datafield><datafield ind1=" " ind2=" " tag="500"><subfield code="a">Cover title: Literary trends in Iraq [and] al-Zahawi the restless poet [by] Yousif Izzidein.</subfield></datafield><datafield ind1=" " ind2=" " tag="500"><subfield code="a">Part of the Arabic Collections Online (ACO) project, contributed by New York Univeristy Libraries.</subfield></datafield><datafield ind1=" " ind2=" " tag="533"><subfield code="a">Electronic reproduction.</subfield><subfield code="b">New York, N.Y. :</subfield><subfield code="c">New York University,</subfield><subfield code="d">2015.</subfield><subfield code="5">NNU</subfield></datafield><datafield ind1="1" ind2="0" tag="600"><subfield code="a">Zah&#257;w&#299;, Jam&#299;l &#7778;idq&#299;.</subfield></datafield><datafield ind1=" " ind2="0" tag="650"><subfield code="a">Arabic literature</subfield><subfield code="x">History and criticism.</subfield></datafield><datafield ind1="2" ind2=" " tag="710"><subfield code="a">New York University.</subfield><subfield code="b">Libraries.</subfield></datafield><datafield ind1="0" ind2=" " tag="730"><subfield code="a">Arabic Collections Online.</subfield></datafield><datafield ind1="0" ind2="8" tag="776"><subfield code="i">Print version:</subfield><subfield code="a">&#699;Izz al-D&#299;n, Y&#363;suf 880-01</subfield><subfield code="t">al-Tayy&#257;r&#257;t al-adab&#299;yah f&#299; al-&#699;Ir&#257;q, al-zah&#257;w&#299; al-sh&#257;&#699;ir al-qalq</subfield><subfield code="w">(NNU)001697008</subfield><subfield code="w">(DLC)ne 65000722</subfield></datafield><datafield ind1="4" ind2="0" tag="856"><subfield code="u">http://hdl.handle.net/2333.1/n02v708f</subfield></datafield><datafield ind1="1" ind2=" " tag="880"><subfield code="6">100-01/</subfield><subfield code="a">&#1593;&#1586;&#1575;&#1604;&#1583;&#1610;&#1606;&#1548; &#1610;&#1608;&#1587;&#1601;.</subfield></datafield><datafield ind1="1" ind2="0" tag="880"><subfield code="6">245-02/</subfield><subfield code="a">&#1575;&#1604;&#1578;&#1610;&#1575;&#1585;&#1575;&#1578; &#1575;&#1604;&#1575;&#1583;&#1576;&#1610;&#1577; &#1601;&#1609; &#1575;&#1604;&#1593;&#1585;&#1575;&#1602;. &#1575;&#1604;&#1586;&#1607;&#1575;&#1608;&#1610; .. &#1575;&#1604;&#1588;&#1575;&#1593;&#1585; &#1575;&#1604;&#1602;&#1604;&#1602; /</subfield><subfield code="c">[&#1578;&#1575;&#1604;&#1610;&#1601; &#1593;&#1586;&#1575;&#1604;&#1583;&#1610;&#1606; &#1610;&#1608;&#1587;&#1601;]</subfield></datafield><datafield ind1=" " ind2=" " tag="880"><subfield code="6">260-03/</subfield><subfield code="a">&#1576;&#1594;&#1583;&#1575;&#1583; :</subfield><subfield code="b">&#1605;&#1603;&#1578;&#1576;&#1577; &#1575;&#1604;&#1606;&#1607;&#1590;&#1577;&#1548;</subfield><subfield code="c">&#1633;&#1641;&#1638;&#1634;.</subfield></datafield><datafield ind1=" " ind2=" " tag="959"><subfield code="a">NNU</subfield><subfield code="b">WEB</subfield><subfield code="c">GENI</subfield><subfield code="t">0</subfield><subfield code="m">Electronic access</subfield><subfield code="s">01</subfield></datafield><datafield ind1=" " ind2=" " tag="999"><subfield code="i">NNU_001697008</subfield><subfield code="s">nyu_aco000516</subfield></datafield></record>